<?xml version="1.0" encoding="UTF-8" ?><marc:record xmlns:marc="http://www.loc.gov/MARC21/slim"><marc:leader>00580nam a2200181   4500</marc:leader><marc:controlfield tag="001">1000038</marc:controlfield><marc:controlfield tag="008">100120s1830        enk       |00|| und d</marc:controlfield><marc:datafield tag="100" ind1="1" ind2=" "><marc:subfield code="a">Rengger, Johann Rudolph.</marc:subfield></marc:datafield><marc:datafield tag="245" ind1="1" ind2="0"><marc:subfield code="a">Naturgeschichte der Saeugethiere von Paraguay.</marc:subfield></marc:datafield><marc:datafield tag="260" ind1=" " ind2=" "><marc:subfield code="a">Basel :</marc:subfield><marc:subfield code="b">Schweighauser,</marc:subfield><marc:subfield code="c">1830.</marc:subfield></marc:datafield><marc:datafield tag="300" ind1=" " ind2=" "><marc:subfield code="a">410 p.</marc:subfield></marc:datafield><marc:datafield tag="500" ind1=" " ind2=" "><marc:subfield code="a">On Beagle.</marc:subfield></marc:datafield><marc:datafield tag="500" ind1=" " ind2=" "><marc:subfield code="a">Location: Cambridge.</marc:subfield></marc:datafield><marc:datafield tag="500" ind1=" " ind2=" "><marc:subfield code="a">Identifier: Rengger1830pi19F.</marc:subfield></marc:datafield><marc:datafield tag="500" ind1=" " ind2=" "><marc:subfield code="a">Public number: 1139.</marc:subfield></marc:datafield><marc:datafield tag="561" ind1=" " ind2=" "><marc:subfield code="a">From the library of Charles Darwin.</marc:subfield></marc:datafield><marc:datafield tag="599" ind1=" " ind2=" "><marc:subfield code="a">Includes 1 manuscript sheets.</marc:subfield></marc:datafield><marc:datafield tag="770" ind1="0" ind2=" "><marc:subfield code="t">Manuscript material.</marc:subfield><marc:subfield code="o">Rengger1830pi19F_MS</marc:subfield></marc:datafield></marc:record>